@article{Anteby:14,
   author = {Anteby, Michel and Wrzesniewski, Amy},
   title = {In search of the self at work: Young adults’ experiences of a dual identity organization},
   volume = {25},
   pages = {13-50},
   ISSN = {0277-2833},
   DOI = {10.1108/s0277-283320140000025002},
   year = {2014},
   type = {Journal Article}
}

@article{Arnold:07,
   author = {Arnold, K. A. and Turner, N. and Barling, J. and Kelloway, E. K. and McKee, M. C.},
   title = {Transformational leadership and psychological well-being: the mediating role of meaningful work},
   journal = {J Occup Health Psychol},
   volume = {12},
   number = {3},
   pages = {193-203},
   ISSN = {1076-8998 (Print)
1076-8998 (Linking)},
   DOI = {10.1037/1076-8998.12.3.193},
   url = {https://www.ncbi.nlm.nih.gov/pubmed/17638487},
   year = {2007},
   type = {Journal Article}
}

@article{Bailey:16,
   author = {Bailey, Catherine and Madden, Adrian},
   title = {What makes work meaningful--or meaningless},
   journal = {MIT Sloan Management Review},
   volume = {57},
   number = {4},
   year = {2016},
   type = {Journal Article}
}

@article{Bailey:17,
   author = {Bailey, Catherine and Madden, Adrian and Alfes, Kerstin and Fletcher, Luke},
   title = {The Meaning, Antecedents and Outcomes of Employee Engagement: A Narrative Synthesis},
   journal = {International Journal of Management Reviews},
   volume = {19},
   number = {1},
   pages = {31-53},
   ISSN = {14608545},
   DOI = {10.1111/ijmr.12077},
   year = {2017},
   type = {Journal Article}
}

@article{Battilana:10,
   author = {Battilana, Julie and Dorado, Silvia},
   title = {Building Sustainable Hybrid Organizations: The Case of Commercial Microfinance Organizations},
   journal = {Academy of Management Journal},
   volume = {53},
   number = {6},
   pages = {1419-1440},
   year = {2010},
   type = {Journal Article}
}

@article{Brown:96,
   author = {Brown, Steven P. and Leigh, Thomas W.},
   title = {A New Look at Psychological Climate and Its Relationship to Job Involvement, Effort and Performance},
   journal = {Journal of Applied Psychology},
   volume = {81},
   number = {4},
   pages = {358-368},
   year = {1996},
   type = {Journal Article}
}

@article{Fletcher:16,
   author = {Fletcher, Luke and Robinson, Dilys},
   title = {Whats the point? The importance of meaningful work},
   journal = {IES Perspectives on HR},
   year = {2016},
   type = {Journal Article}
}

@article{Gelman:13,
   author = {Gelman, Andrew and Imbens, Guido},
   title = {Why Ask Why? Forward Causal Inference and Reverse Causal Questions},
   journal = {NBER Working Paper No. w19614},
   year = {2013},
   type = {Journal Article}
}

@article{Hackman:71,
   author = {Hackman, J. Richard and Lawler, Edward E.},
   title = {Employee reactions to job characteristics},
   journal = {Journal of Applied Psychology},
   volume = {55},
   number = {3},
   year = {1971},
   type = {Journal Article}
}

@article{Harter:02,
   author = {Harter, James K. and Schmidt, Frank L.},
   title = {Business-Unit-Level Relationship Between Employee Satisfaction, Employee Engagement, and Business Outcomes: A Meta-Analysis},
   journal = {Journal of Applied Psychology},
   volume = {87},
   number = {2},
   pages = {268-279},
   year = {2002},
   type = {Journal Article}
}

@article{Kahn:52,
   author = {KAHN, ROBERT L. and KATZ, DANIEL},
   title = {Leadership practices in relation to productivity and morale},
   journal = {Institute for Social Research, University of Michigan},
   year = {1952},
   type = {Journal Article}
}

@article{Kahn:90,
   author = {Kahn, William A.},
   title = {Psychological conditions of personal engagement and disengagement at work},
   journal = {Academy of Management Journal},
   volume = {33},
   number = {4},
   year = {1990},
   type = {Journal Article}
}

@article{May:04,
   author = {May, Douglas R. and Gilson, Richard L. and Harter, Lynn M.},
   title = {Psychological conditions of meaningfulness, safety and availability and the engagement of the human spirit at work},
   journal = {Journal of Occupational and Organizational Psychology},
   volume = {77},
   pages = {11-37},
   year = {2004},
   type = {Journal Article}
}

@article{Ostroff:92,
   author = {Ostroff, Cheri},
   title = {The Relationship Between Satisfaction, Attitudes, and Performance: An Organization Level Analysis},
   journal = {Journal of Applied Psychology},
   volume = {77},
   number = {6},
   pages = {963-974},
   year = {1992},
   type = {Journal Article}
}

@book{Pearl:09,
   author = {Pearl, Judea},
   title = {Causality: Models, Reasoning, and Inference},
   publisher = {Cambridge University Press},
   edition = {2nd Edition},
   year = {2009},
   type = {Book}
}

@inbook{Pratt:03,
   author = {Pratt, Michael Gerard and Ashforth, Blake E},
   title = {Fostering meaningfulness in working and at work},
   booktitle = {Positive Organizational Scholarship},
   publisher = {Berrett-Koehler},
   pages = {309-327},
   year = {2003},
   type = {Book Section}
}

@article{Rosso:10,
   author = {Rosso, Brent D. and Dekas, Kathryn H. and Wrzesniewski, Amy},
   title = {On the meaning of work: A theoretical integration and review},
   journal = {Research in Organizational Behavior},
   volume = {30},
   pages = {91-127},
   ISSN = {01913085},
   DOI = {10.1016/j.riob.2010.09.001},
   year = {2010},
   type = {Journal Article}
}

@article{Ryan:96,
   author = {Ryan, Ann Marie and Schmit, Mark J. and Johnson, Raymond},
   title = {Attitudes and Effectiveness: Examining Relations at an Organizational Level},
   journal = {Personnel Psychology},
   volume = {49},
   pages = {853-882},
   year = {1996},
   type = {Journal Article}
}

@article{Tonin:15,
   author = {Tonin, Mirco and Vlassopoulos, Michael},
   title = {Corporate Philanthropy and Productivity: Evidence from an Online Real Effort Experiment},
   journal = {Management Science},
   volume = {61},
   number = {8},
   pages = {1795-1811},
   ISSN = {0025-1909
1526-5501},
   DOI = {10.1287/mnsc.2014.1985},
   year = {2015},
   type = {Journal Article}
}

@article{Walela:15,
   author = {Walela, Kisiangani Benson and Okwemba, Emily Mokeira},
   title = {Effect of Leadership Behavior on the Performance of Microfinancial Institutions in Kakamega County},
   journal = {International Journal of Scientific & Technology Research},
   volume = {4},
   number = {2},
   year = {2015},
   type = {Journal Article}
}

@article{Williams:91,
   author = {Williams, Kipling D. and Karau, Steven J.},
   title = {Social loafing and social compensation: The effects and expectations of co-worker performance},
   journal = {Journal of Personality and Social Psychology},
   volume = {61},
   number = {4},
   pages = {570-581},
   year = {1991},
   type = {Journal Article}
}

